<record><leader>00000cas a22000007a 4500</leader><controlfield tag="001">30757443</controlfield><controlfield tag="008">940713d18731875vauwr ne      0    0eng d</controlfield><datafield ind1=" " ind2=" " tag="010"><subfield code="a">sn 94059330 </subfield></datafield><datafield ind1=" " ind2=" " tag="040"><subfield code="a">NVK</subfield><subfield code="b">eng</subfield><subfield code="c">NVK</subfield><subfield code="d">OCLCQ</subfield><subfield code="d">OCLCF</subfield><subfield code="d">OCLCO</subfield></datafield><datafield ind1="1" ind2=" " tag="029"><subfield code="a">AU@</subfield><subfield code="b">000025853762</subfield></datafield><datafield ind1=" " ind2=" " tag="042"><subfield code="a">msc</subfield></datafield><datafield ind1=" " ind2=" " tag="043"><subfield code="a">n-us-va</subfield></datafield><datafield ind1="0" ind2=" " tag="130"><subfield code="a">Bedford sentinel and news (Liberty, Va. : 1873 : Weekly)</subfield></datafield><datafield ind1="1" ind2="0" tag="245"><subfield code="a">Bedford sentinel and news.</subfield></datafield><datafield ind1="1" ind2="7" tag="246"><subfield code="a">Sentinel &amp; news</subfield></datafield><datafield ind1=" " ind2=" " tag="260"><subfield code="a">Liberty, Va. :</subfield><subfield code="b">Walter C. Douglass &amp; William P. Hoffman</subfield></datafield><datafield ind1=" " ind2=" " tag="300"><subfield code="a">v.</subfield></datafield><datafield ind1=" " ind2=" " tag="310"><subfield code="a">Weekly (Fri.)</subfield></datafield><datafield ind1="1" ind2=" " tag="362"><subfield code="a">Began in 1873; ceased in 1875.</subfield><subfield code="z">Cf. Cappon, L.J. Va.newspapers.</subfield></datafield><datafield ind1=" " ind2=" " tag="500"><subfield code="a">Editors: 1873-1874 Walter C. Douglass &amp; William P. Hoffman; 1874-1875 William P. Hoffman &amp; James R. Guy Cf. Cappon, L.J. Va. newspapers.</subfield></datafield><datafield ind1=" " ind2=" " tag="500"><subfield code="a">Liberty changed to Bedford City in 1890; changed to Bedford in 1912.</subfield></datafield><datafield ind1=" " ind2=" " tag="588"><subfield code="a">Description based on: Vol. 10, no. 15 (Aug. 22, 1873).</subfield></datafield><datafield ind1=" " ind2="0" tag="651"><subfield code="a">Bedford (Va.)</subfield><subfield code="v">Newspapers.</subfield></datafield><datafield ind1=" " ind2="7" tag="655"><subfield code="a">Newspapers.</subfield><subfield code="2">fast</subfield><subfield code="0">(OCoLC)fst01423814</subfield></datafield><datafield ind1=" " ind2="7" tag="651"><subfield code="a">Virginia</subfield><subfield code="z">Bedford.</subfield><subfield code="2">fast</subfield><subfield code="0">(OCoLC)fst01224809</subfield></datafield><datafield ind1=" " ind2=" " tag="752"><subfield code="a">United States</subfield><subfield code="b">Virginia</subfield><subfield code="d">Bedford.</subfield></datafield><datafield ind1=" " ind2=" " tag="752"><subfield code="a">United States</subfield><subfield code="b">Virginia</subfield><subfield code="c">Bedford</subfield><subfield code="d">Liberty.</subfield></datafield><datafield ind1="0" ind2="4" tag="780"><subfield code="t">Bedford sentinel (Liberty, Va. : 1868 : Weekly)</subfield><subfield code="w">(DLC)sn 93052699</subfield></datafield><datafield ind1="0" ind2="4" tag="780"><subfield code="t">Liberty news (Liberty, Va. : 1870 : Weekly)</subfield><subfield code="w">(DLC)sn 85034346</subfield></datafield><datafield ind1="0" ind2="0" tag="785"><subfield code="t">Bedford sentinel (Liberty, Va. : 1875: Weekly)</subfield><subfield code="w">(DLC)sn 84024621</subfield></datafield></record>